2282 2709
216 91 768 172 Wsseshde
780 125 832 154 as·
843 111 932 153 loco
945 107 1267 168 deprehnfionis
1285 85 1862 171 hommem

199 202 391 257 rinequit
403 229 418 254 ,
449 196 565 256 quod
591 198 689 242 urbs
705 197 772 242 ista
794 198 947 259 pluries
971 195 1166 241 funditus
1188 193 1323 240 eversa
1346 193 1473 240 fuerit
1485 228 1500 252 ,
1519 193 1562 240 ἃ
1581 196 1714 257 postea
1733 196 1838 258 supe:

192 269 382 328 proprias
405 268 542 308 ruinas
561 264 799 315 restaurata,
836 263 1060 307 editiorem
1082 260 1206 307 situm
1232 258 1514 320 acquisiverit,
1547 264 1719 308 eandem
1742 268 1850 307 enim

225 334 417 375 lanitiem
434 332 485 376 (θ’
507 333 790 392 aequalitatem
804 326 1025 390 praeferunt
1045 331 1354 387 circumstantes
1378 329 1473 389 agri
1499 361 1514 380 ‚
1540 331 1634 373 imo
1652 327 1750 373 urbs
1768 328 1848 391 ips:

197 397 347 441 iisdem
381 396 613 458 aliquando
631 397 798 455 preffior
828 409 1009 456 apparet.
1078 392 1172 440 Post
1200 408 1396 439 caementa
1427 410 1471 438 ac
1495 394 1667 448 rudera,
1693 408 1796 440 terra
1813 393 1847 439 se

198 463 341 526 prodit
354 461 444 507 satis
455 463 598 520 soltda
616 467 668 506 ἐς
689 464 928 523 compasta,
951 476 998 505 ut
1009 476 1173 506 terram
1197 463 1427 521 virgineam
1448 465 1538 518 quis
1556 461 1768 514 crederet,
1802 458 1848 506 &

198 546 287 574 non
303 530 441 573 multo
453 527 544 590 post
556 532 674 588 nigra
686 525 953 587 &paludollz
967 525 1109 573 visitur
1120 528 1318 587 ,palustri
1327 530 1535 572 arundine
1547 525 1708 572 referta.
1754 529 1845 573 Me-

196 599 302 640 mini
315 611 383 639 me
396 598 439 638 in
456 609 543 638 uno
555 608 605 637 ex
625 593 688 637 his
702 597 838 654 puteis
865 592 915 637 ad
936 593 1093 654 pedum
1114 605 1192 652 24.
1215 590 1549 653 profunditatem
1572 595 1733 639 culmen
1741 597 1846 652 fru-

187 676 453 706 mentaceum
480 659 617 704 adhuc
639 660 847 720 integrum
876 656 1096 704 observasse
1117 692 1131 711 ,
1154 674 1197 702 ac
1215 662 1259 702 in
1270 657 1753 720 alteroinprofunditate
1766 677 1841 723 pe-

194 729 299 773 dum
312 732 389 774 26.
403 730 626 771 inventum
649 728 877 786 coryletum
911 741 1008 770 cum
1024 724 1104 770 suis
1122 726 1298 770 nucibus
1316 725 1455 770 adhuc
1476 727 1758 785 incorruptis,
1792 724 1845 772 fic

193 794 443 840 alternatim
463 792 512 836 ad
529 789 594 836 sex
616 791 740 854 pedes
751 795 857 836 varia
871 789 1111 837 observatur
1121 789 1195 836 soli
1206 793 1412 844 mutatio,
1431 791 1564 836 modo
1578 790 1656 836 albi
1671 792 1842 857 „modo

191 864 306 922 nigri
317 876 413 904 curn
428 862 628 903 variarum
643 860 839 904 arborum
853 862 985 903 ramis
995 875 1044 904 ac
1056 859 1197 918 feliis,
1230 854 1340 916 quasi
1350 856 1520 902 lamellis
1531 873 1574 903 ac
1585 855 1842 920 foliissuper·

185 924 375 972 induciis
388 959 401 978 ‚
435 924 572 970 donec
603 926 666 970 ad
686 931 866 985 planum
895 940 1127 970 cretaccum
1145 923 1388 969 deveniatur
1401 956 1416 976 ,
1450 923 1567 981 quod
1599 925 1641 968 in
1663 922 1841 985 profun-

191 991 320 1037 ditate
334 989 577 1053 pedu1n28.
600 993 739 1051 primo
757 988 1020 1052 conspicitur.
1089 991 1214 1047 Hoc,
1237 987 1312 1033 ubi
1325 992 1498 1050 operarii
1509 993 1725 1051 attigerint
1733 995 1839 1048 ,jam

191 1055 343 1111 securi,
377 1073 429 1102 ne
440 1056 617 1119 amplius
627 1055 679 1101 ab
695 1056 781 1100 ullo
801 1071 912 1115 aquae
922 1051 1079 1100 affluxu
1100 1054 1396 1117 perturbentur
1410 1089 1423 1108 ‚
1439 1052 1661 1101 foffionem
1678 1052 1846 1100 sunnia}

192 1140 288 1170 cum
305 1122 496 1169 facilitate
515 1121 566 1166 ad
582 1125 719 1174 imum
730 1122 857 1180 usque
880 1120 1198 1184 proseqvuntur.
1267 1121 1411 1177 Hujus
1433 1119 1542 1166 strati
1562 1125 1838 1167 cretaceimo-

190 1193 246 1237 les
265 1192 336 1234 XI.
359 1187 442 1235 fere
461 1187 585 1250 pedes
605 1187 894 1233 acideutidem
915 1189 1064 1233 multis
1085 1188 1350 1233 cochlearum
1373 1188 1482 1246 testis
1512 1187 1658 1232 referta
1684 1201 1694 1236 ζ
1727 1189 1836 1234 illius

191 1272 294 1318 ergo
308 1255 400 1301 finis
414 1254 521 1300 estin
539 1252 823 1317 profunditate
847 1252 1003 1316 pedum
1031 1270 1051 1312 3
1060 1270 1106 1311 9,
1141 1250 1420 1299 Postmodum
1440 1251 1608 1298 stratum
1627 1254 1738 1299 aliud
1751 1269 1836 1316 pa-

190 1325 315 1384 lustre
337 1321 520 1367 duorum
537 1320 693 1383 pedum
713 1314 872 1365 circiter
895 1335 1061 1383 apparet
1075 1355 1088 1374 ‚
1128 1335 1178 1365 ex
1190 1321 1363 1380 juncis,
1381 1322 1634 1379 plantarum
1646 1321 1769 1379 foliis
1784 1339 1835 1366 ac

188 1393 324 1435 ramis
342 1385 604 1451 congestum.
671 1386 863 1432 Ablatoa
878 1384 1372 1448 fossoribushoclpalustri
1390 1384 1514 1431 strato
1534 1420 1547 1440 ,
1578 1384 1752 1432 stratum
1763 1384 1842 1432 3Ιί-Δ

188 1455 247 1501 ud
267 1469 499 1500 cretaceum
513 1450 701 1512 ejusdem
713 1450 798 1497 fere
811 1454 936 1498 molis
948 1485 961 1505 ,
986 1469 1030 1497 ac
1046 1451 1257 1515 superius,
1276 1449 1357 1497 sese
1377 1447 1529 1506 offert,
1549 1458 1665 1512 cujus
1684 1458 1829 1500 termi-

187 1538 264 1567 nus
277 1519 386 1566 estin
401 1518 689 1582 profunditate
701 1518 857 1581 pedum
875 1530 948 1577 52.
963 1535 1048 1578 quo
1062 1518 1184 1564 strato
1199 1513 1347 1564 effosso
1367 1553 1381 1572 ,
1398 1517 1534 1564 rursus
1559 1519 1732 1565 stratum
1746 1522 1830 1566 ali--

187 1588 508 1648 adpaludofum
535 1589 665 1647 priori
698 1584 811 1630 haud
830 1585 1022 1630 dissimile
1042 1584 1186 1631 vifitur
1208 1619 1220 1638 ,
1243 1600 1328 1644 quo
1352 1582 1543 1639 semoto,
1566 1585 1707 1631 denuo
1718 1588 1830 1633 aliud

185 1653 354 1699 stratum
377 1666 610 1696 cretaceum
631 1651 817 1711 ejusdem
840 1666 994 1697 naturae
1008 1685 1019 1703 ,
1046 1668 1090 1697 ac
1111 1650 1317 1714 superiora
1331 1686 1343 1704 ,
1361 1649 1430 1697 sed
1449 1656 1626 1698 minoris
1646 1654 1772 1699 molis
1789 1670 1832 1700 ac

186 1719 393 1771 crassitiei,
413 1718 537 1775 quam
549 1719 702 1776 reliqua
714 1716 803 1762 duo
815 1751 829 1770 ,
852 1714 896 1762 ὅ(
910 1714 1238 1779 superincumbit
1258 1720 1372 1763 alteri
1381 1717 1504 1763 strato
1509 1720 1703 1779 palustri,
1715 1720 1829 1778 quod

185 1785 354 1831 tandem
373 1782 524 1830 desinit
542 1787 586 1829 in
611 1781 927 1829 ultimumillud
946 1784 1115 1845 planum
1130 1813 1143 1839 ,
1164 1787 1208 1828 in
1228 1800 1312 1841 quo
1324 1783 1481 1828 terebra
1493 1783 1829 1844 defigitur,qu0d

183 1854 301 1914 plane
324 1851 439 1896 molle
460 1852 512 1910 est
533 1864 663 1911 atque
673 1851 889 1909 arenofiem
903 1882 917 1901 ,
938 1847 1313 1912 multiqueglared
1325 1847 1490 1894 minuti
1514 1852 1769 1910 permixtum
1783 1868 1828 1897 ac

183 1921 387 1968 marinis
409 1917 669 1987 quisquiliis·
685 1922 905 1982 aliquando
936 1921 1164 1981 refertum3
1192 1921 1441 1983 hujusmodi
1459 1937 1599 1969 autern
1619 1922 1825 1971 stratiflca-

184 2004 270 2055 tio,
305 2001 370 2045 his
389 1998 611 2044 intervallis
630 2031 644 2052 ,
672 2013 766 2044 tum
787 1997 886 2043 bem}
906 1996 1097 2060 distinffia
1114 2001 1159 2043 in
1183 1989 1398 2040 omnibus
1417 1999 1578 2058 puteis,
1608 2010 1702 2043 turn
1717 2001 1822 2044 intra

182 2077 297 2123 urbis
316 2075 546 2139 pomoeria,
565 2088 689 2131 quam
710 2077 754 2118 in
774 2069 1016 2118 suburbanis
1043 2072 1172 2125 iocis,
1200 2063 1432 2130 constanti
1465 2062 1630 2114 ordine
1649 2083 1707 2114 ac
1727 2066 1824 2135 lege

184 2141 436 2190 observatur.
502 2141 617 2185 Cum
644 2136 854 2202 saepissime
881 2142 924 2184 in
946 2152 1128 2199 magnos
1147 2140 1400 2199 plantarum
1424 2149 1595 2182 truncos
1615 2135 1821 2184 fodiendo

181 2210 392 2261 incidant,
411 2220 462 2250 ut
481 2221 569 2251 non
590 2208 683 2251 rari>
703 2206 809 2251 mihi
829 2204 972 2251 videre
993 2207 1206 2267 contingit
1220 2221 1233 2261 3
1247 2204 1344 2248 hinc
1363 2201 1444 2256 est,
1468 2203 1586 2262 quod
1608 2204 1821 2250 interdum

180 2293 268 2323 non
281 2276 426 2338 exigui
443 2271 594 2318 laboris
617 2275 813 2334 puteariis
825 2269 876 2317 fit
888 2269 968 2335 ipsa
990 2269 1252 2323 tenebratio,
1267 2273 1612 2331 quociescumque
1623 2274 1667 2315 in
1679 2272 1820 2329 hujus-

998 2338 1042 2383 G
1698 2334 1826 2381 modi·

178 2407 535 2434 -——-—ff—-o
1033 2403 1035 2407 ⁴
1079 2407 1818 2422 ——-—-—--——-—--———--—
