2282 2709
1448 78 1885 94 Q*-

561 102 659 155 Cap.
681 101 737 141 II.
768 94 1020 142 Decoralliis
1039 99 1242 150 marinis,
1270 114 1321 142 ut
1339 102 1532 144 marinis.
1843 118 1862 149 1
1880 120 1892 150 ι

1036 166 1111 176 ...—

266 185 378 230 strata
413 181 513 228 inde
535 185 662 244 fitper
680 186 837 244 strata.
922 186 1173 230 Videremus
1187 185 1508 244 protuberantia
1527 191 1690 231 corallia
1710 221 1722 240 ‚
1753 189 1899 246 quibus

265 251 458 294 involute
468 267 520 294 ac
530 252 761 309 consepultae
772 251 969 309 succoque
981 251 1174 296 corallino
1186 252 1341 310 repleta
1357 269 1407 296 ac
1425 253 1605 297 adunitae
1625 251 1780 298 fuerint
1800 270 1900 299 exu-

267 320 339 360 viae
359 316 576 368 echininae,
593 317 796 359 conchicae
807 316 1065 375 aliorumque
1078 317 1318 360 animalium
1327 321 1586 361 marinorum
1598 314 1692 362 ossa.
1770 319 1900 364 Vide-

264 397 398 426 remus
409 386 527 425 certis
540 383 695 425 inlocis
705 382 785 424 hoc
800 383 1085 441 pavimentum
1104 383 1247 425 multis
1260 384 1371 426 ulnis
1383 384 1549 440 denficm
1560 414 1574 438 ‚
1588 385 1734 428 multis
1747 385 1898 429 millia-

262 447 378 492 ribus
387 446 581 506 a'iffiqfizm
605 445 650 492 ὃ(
669 444 906 508 expansum,
933 449 1032 492 Hoc
1051 463 1216 505 quoque
1230 447 1393 492 credere
1412 447 1548 492 suadet
1563 447 1759 493 immensa
1772 453 1895 494 coral-

264 515 416 557 liorum
438 517 552 573 copia
574 512 738 557 rantum
762 511 813 555 ad
835 513 953 558 littus
973 516 1096 558 maris
1115 512 1381 574 reperiunda,
1403 530 1527 572 quam
1545 519 1714 560 murarii
1733 513 1896 563 Asiatici

263 581 462 641 partimin
483 579 632 622 calcem
652 575 869 637 redigunt.
1246 597 1249 602 ·

1019 672 1056 718 ς.
1094 665 1152 712 V.

394 730 452 774 Ita
469 744 747 791 comparatam
758 724 833 774 esse
844 733 965 774 maris
976 726 1123 774 fossam
1143 727 1298 775 docent
1316 745 1484 789 quoque
1494 729 1630 781 fluvii.
1696 732 1896 778 Balbinus

260 793 478 840 inhistoria
493 798 715 841 Bohemica
728 794 836 839 testis
850 793 931 848 est,
953 794 1004 839 ad
1026 796 1172 840 collem
1185 830 1198 848 ,
1219 797 1469 844 Bohemicc:
1498 796 1756 850 Scherherle,
1774 796 1893 844 fluvi-

257 878 332 905 um
346 861 552 919 quendam
566 861 650 906 alba
664 877 707 905 ac
720 860 839 905 rubra
853 862 1008 905 corallia
1021 861 1265 920 producere.
1333 862 1635 907 Tabulanostra
1647 863 1766 908 tertia
1778 862 1852 925 fig.
1863 867 1893 909 I.

259 926 450 971 videmus
462 930 645 990 Pyritam
656 926 732 971 culi
739 943 878 971 narem
890 924 956 972 seu
968 927 1147 988 lapidem
1157 943 1357 972 corneum
1377 962 1391 980 ,
1413 930 1435 971 e
1447 926 1582 972 fluvio
1600 926 1760 974 nescio:
1780 932 1894 987 quo?

257 990 443 1038 Silefiaco
463 1026 477 1044 ,
497 990 663 1036 missum
684 992 1046 1054 orphanotrophio
1071 991 1251 1038 Hallenfi
1272 1027 1286 1045 ,
1319 994 1505 1051 mihique
1529 1009 1600 1054 per
1629 1008 1776 1038 manus
1801 996 1892 1045 Dn‚

261 1060 441 1119 Vibingii
459 1061 816 1103 communicatum
829 1091 842 1110 ‚
864 1061 961 1115 qui,
982 1073 1014 1106 t.
1028 1072 1058 1107 t,
1071 1056 1234 1120 praefuit
1246 1074 1410 1103 camerae
1422 1059 1686 1106 naturalium.
1756 1063 1803 1103 In
1813 1060 1895 1105 hoc

257 1124 404 1186 lapide,
419 1121 567 1169 insidet
579 1123 808 1185 vegetabile
820 1123 1036 1182 quoddam
1047 1127 1279 1183 aquaticum
1290 1157 1304 1176 ,
1333 1139 1446 1168 nunc
1466 1121 1628 1168 aridum
1648 1122 1693 1170 ἃ
1711 1138 1760 1169 ex
1770 1125 1894 1171 viridi

257 1193 461 1251 nigricans
477 1189 749 1251 longifolium
759 1223 773 1241 ‚
786 1193 1047 1234 incurvatum
1060 1223 1073 1242 ,
1085 1187 1220 1233 flexile
1234 1220 1244 1240 ,
1261 1193 1303 1232 in
1316 1188 1648 1233 extremitatibus
1659 1188 1891 1250 crispatum‚

259 1255 418 1301 Eodem
438 1256 570 1301 modo
587 1260 631 1300 in
649 1253 782 1316 lapide
802 1270 957 1300 corneo
976 1254 1178 1306 adhaeret,
1201 1269 1248 1298 ut
1259 1253 1410 1300 caeterae
1429 1256 1572 1315 plantae
1582 1259 1747 1300 marinae
1757 1254 1892 1301 fundo

259 1320 396 1366 saxoso
408 1355 420 1373 ‚
435 1320 595 1365 orificio
609 1318 718 1378 quasi
729 1318 905 1382 expanso
919 1355 932 1373 ,
955 1321 1092 1365 hiante
1105 1337 1147 1364 ac
1160 1318 1348 1380 sugente.
1418 1323 1485 1363 An
1496 1319 1737 1364 immediate
1749 1336 1891 1367 ortum

259 1386 300 1432 sit
315 1388 336 1430 c
353 1387 487 1448 lapide
507 1402 657 1431 corneo
673 1417 685 1436 ‚
706 1401 756 1428 an
778 1384 995 1430 seminium
1008 1390 1052 1429 in
1079 1384 1261 1447 lapidem
1282 1384 1498 1440 inciderit,
1515 1383 1892 1443 ibidemqueinnu-

259 1456 403 1497 tritum
424 1450 549 1495 fiierit
563 1483 577 1502 ,
604 1466 672 1494 me
693 1448 819 1509 fugit.
903 1448 1108 1494 Posterius
1129 1465 1266 1495 tamen
1288 1450 1454 1496 videtur
1466 1449 1732 1512 probabilius.
1799 1453 1891 1502 Nec

259 1516 401 1579 species
421 1516 526 1561 mihi
546 1549 560 1567 ,
594 1516 789 1573 aliisque,
809 1514 1057 1573 quibuscum
1079 1520 1410 1569 communicavi,
1429 1514 1599 1566 constat.
1666 1517 1769 1562 Tale
1788 1534 1888 1575 quo·

258 1600 334 1642 que
347 1580 576 1644 vegetabile
588 1582 682 1626 vere
701 1585 912 1626 marinum
926 1615 937 1634 ,
950 1579 1205 1644 abscerptum
1218 1584 1388 1629 tamena
1401 1581 1535 1645 lapide
1546 1587 1652 1628 inter
1665 1583 1822 1629 cimelia
1835 1581 1888 1627 as-

258 1651 382 1695 servat
400 1651 490 1698 Dn.
503 1648 697 1706 Leupold.
709 1646 1032 1693 Mathematicus
1045 1645 1278 1711 LipfienfiS.

389 1802 448 1846 Ut
468 1798 584 1862 supra
607 1798 769 1845 dictum
804 1799 855 1844 ad
874 1739 1122 1844 duni-Cgsks
1153 1815 1242 1844 non
1274 1799 1507 1857 incongrue
1531 1797 1669 1856 redigi
1688 1797 1887 1858 possunt,

258 1866 469 1917 dendrici
489 1872 636 1917 scilicet
647 1869 838 1936 generis
857 1884 913 1915 ac
923 1864 1153 1934 petricost.

402 2020 674 2070 Dendricon
690 2055 705 2082 ,
739 1952 1248 2085 lingtiaMasszi}c{I‚11indis
1259 2018 1381 2065 docta
1392 2053 1404 2073 ‚
1427 2017 1642 2078 doffisque
1652 2021 1883 2065 vernacula:

261 2090 504 2138 Acarbabar
524 2096 776 2137 nominatur.
809 2092 909 2135 Hoc
929 2104 1062 2151 genus
1076 2084 1300 2135 indiversas
1312 2083 1543 2147 dispescitur
1553 2082 1700 2146 species
1712 2118 1726 2138 ,
1737 2084 1784 2131 &
1796 2103 1881 2145 quac

258 2163 427 2220 propius
445 2159 494 2203 ad
520 2158 759 2219 vegetabilia
779 2155 921 2219 supra·
933 2152 1131 2202 terrestria
1151 2152 1372 2205 accedunt,
1393 2154 1578 2212 quamvis
1591 2150 1644 2199 de
1665 2150 1809 2198 indole
1825 2151 1881 2196 sa-

258 2228 355 2270 xosa
367 2242 456 2271 non
469 2227 570 2270 nihil
580 2227 833 2287 participent.

980 2290 1015 2334 B
1051 2303 1083 2335 2
1696 2293 1732 2342 §.
1765 2284 1876 2333 VIIL
